<?xml version="1.0" encoding="UTF-8"?><collection xmlns="http://www.loc.gov/MARC21/slim"><record><leader>00425nam--2200157-i-4500</leader><controlfield tag="001">000020764</controlfield><controlfield tag="002">20161230</controlfield><controlfield tag="005">20161230201033</controlfield><controlfield tag="008">060222s1000------------r-----000-0-eng-d</controlfield><datafield ind1=" " ind2=" " tag="020"><subfield code="a">0-7503-0</subfield></datafield><datafield ind1=" " ind2=" " tag="080"><subfield code="a">539.1.01</subfield></datafield><datafield ind1=" " ind2=" " tag="100"><subfield code="a">Heyde, K</subfield></datafield><datafield ind1=" " ind2=" " tag="245"><subfield code="a">Basic ideas and concepts in nuclear physycs</subfield></datafield><datafield ind1=" " ind2=" " tag="260"><subfield code="a">Bristol, Inst.Of Ph.Publishing, 1994. 424 P</subfield></datafield><datafield ind1=" " ind2=" " tag="490"><subfield code="a">Fundamental And Applied Nuclear Ph.Series</subfield></datafield><datafield ind1=" " ind2=" " tag="852"><subfield code="a">132366</subfield></datafield></record></collection>